@incollection {springerlink:10.1007/978-3-642-10684-2_60,
   author = {Ando, Ruo},
   affiliation = {National Institute of Information and Communication Technology 4-2-1 Nukui-Kitamachi, Koganei Tokyo 184-8795 Japan},
   title = {Automated Log Analysis of Infected Windows OS Using Mechanized Reasoning},
   booktitle = {Neural Information Processing},
   series = {Lecture Notes in Computer Science},
   editor = {Leung, Chi and Lee, Minho and Chan, Jonathan},
   publisher = {Springer Berlin / Heidelberg},
   isbn = {978-3-642-10682-8},
   keyword = {Computer Science},
   pages = {540-547},
   volume = {5864},
   url = {http://dx.doi.org/10.1007/978-3-642-10684-2_60},
   note = {10.1007/978-3-642-10684-2_60},
   year = {2009}
}

@article{10.1109/HICSS.2011.288,
author = {Justin Myers and Michael R. Grimaila and Robert F. Mills},
title = {Log-Based Distributed Security Event Detection Using Simple Event Correlator},
journal ={Hawaii International Conference on System Sciences},
volume = {0},
isbn = {978-0-7695-4282-9},
year = {2011},
pages = {1-7},
doi = {http://doi.ieeecomputersociety.org/10.1109/HICSS.2011.288},
publisher = {IEEE Computer Society},
address = {Los Alamitos, CA, USA},
}

